@ONLINE {guiamatematicadiscreta,
    author = "Marisa Pérez Martínez, Ángela Isabel Barbero Díez, Araceli Suárez Barrio, Jesús Torre Mayo",
    title  = "Guía docente de la asignatura Matemática Discreta – Curso 2016/17",
    month  = "jun",
    year   = "2017",
    url    = "https://www.inf.uva.es/wp-content/uploads/2016/06/G46902.pdf"
}

@ONLINE {mozilla_javascript,
    author = "Mozilla Developer Network",
    title  = "Javascript",
    month  = "may",
    year   = "2017",
    url    = "https://developer.mozilla.org/es/docs/Web/JavaScript"
}

@ONLINE {enriqueoriol2017,
    author = "Enrique Oriol",
    title  = "Angular2: ¿Aprendo ES6 o TypeScript?",
    month  = "may",
    year   = "2017",
    url    = "http://blog.enriqueoriol.com/2016/06/angular2-aprendo-es6-o-typescript.html"
}

@ONLINE {stackoverflow_Typescript,
    title = "What is TypeScript and why would I use it in place of JavaScript?",
    month = "may",
    year  = "2017",
    url   = "https://stackoverflow.com/questions/12694530/what-is-typescript-and-why-would-i-use-it-in-place-of-javascript"
}

@ONLINE {mozilla_ecmascript,
    author = "Mozilla Developer Network",
    title  = "JavaScript language resources",
    month  = "may",
    year   = "2017",
    url    = "https://developer.mozilla.org/en-US/docs/Web/JavaScript/Language_Resources"
}

@ONLINE {enriquefernandezguerra_typescript,
    author = "Enrique Fernandez Guerra",
    title  = "Introducción a TypeScript",
    month  = "may",
    year   = "2017",
    url    = "https://desarrolloweb.com/articulos/introduccion-a-typescript.html"
}

@ONLINE {builtbyedgar_transpilar,
    author = "Built by Edgar",
    title  = "Compilando ES6 con Babel 6",
    month  = "may",
    year   = "2017",
    url    = "http://blog.builtbyedgar.com/compilando-ecmascript-6-con-babel-6/"
}

@ONLINE {debian_gestorpaquetes,
    author = "Debian",
    title  = "¿Qué es un gestor de paquetes?",
    month  = "may",
    year   = "2017",
    url    = "https://www.debian.org/doc/manuals/aptitude/pr01s02.es.html"
}

@ONLINE {opensource_definition,
    title = "The Open Source Definition",
    month = "may",
    year  = "2017",
    url   = "https://opensource.org/osd"
}

@ONLINE {mozilla_properties,
    author = "Mozilla Developer Network",
    title  = "Trabajando con objetos",
    month  = "may",
    year   = "2017",
    url    = "https://developer.mozilla.org/es/docs/Web/JavaScript/Guide/Trabajando_con_objectos"
}

@ONLINE {GNU_GPL,
    author = "Free Software Foundation",
    title  = "GNU General Public License",
    month  = "may",
    year   = "2017",
    url    = "https://www.gnu.org/licenses/gpl.html"
}

@ONLINE {GNU_copyleft,
    author = "Free Software Foundation",
    title  = "¿Qué es el copyleft?",
    month  = "may",
    year   = "2017",
    url    = "https://www.gnu.org/licenses/copyleft.es.html"
}

@ONLINE {angular_docs,
    author = "Google",
    title  = "What is Angular?",
    month  = "may",
    year   = "2017",
    url    = "https://angular.io/docs"
}

@ONLINE {angular_cli,
    author = "Google",
    title  = "angular CLI",
    month  = "may",
    year   = "2017",
    url    = "https://cli.angular.io/"
}

@ONLINE {zeokat_mariadb,
    author = "Zeokat",
    title  = "Que es MariaDB y ventajas frente a MySQL",
    month  = "may",
    year   = "2017",
    url    = "http://www.vozidea.com/que-es-mariadb-y-ventajas-frente-mysql"
}

@ONLINE {andergonzalez_mariadb,
    author = "Ander González",
    title  = "MariaDB vs MySQL",
    month  = "may",
    year   = "2017",
    url    = "http://www.tuprogramacion.com/bases-de-datos/mariadb-vs-mysql/"
}

@ONLINE {alidavergara_mariadb,
    author = "Alida Vergara",
    title  = "Maria DB: una buena opción",
    month  = "may",
    year   = "2017",
    url    = "https://www.facilcloud.com/noticias/maria-db-una-buena-opcion/"
}
